@article{Hoge2025,
author = {Hoge},
journal = {World of Hoge},
month = {aug},
pages = {262--275},
publisher = {Hogesevier BV},
title = {{HogeにおけるHogeとHogeの関係性に関する研究}},
volume = {259},
year = {2025}
}
